@book{xamarin,
  author        = "Charles Petzold",
  title         = "Creating Mobile Apps with Xamarin.Forms",
  year          = "2016",
  publisher     = "Microsoft Press",
  url           = "https://developer.xamarin.com/guides/xamarin-forms/creating-mobile-apps-xamarin-forms/"
}

@electronic{mono,
  author        = "{{Mono Project}}",
  title         = "Mono",
  url           = "http://www.mono-project.com",
  year          = "2018"
}

@electronic{dotnet,
  author        = "{{Microsoft}}",
  title         = "What is .NET",
  url           = "https://www.microsoft.com/net/learn/what-is-dotnet",
  year          = "2018"
}

@electronic{androidstudio,
  author        = "{{Google}}",
  title         = "Android Studio",
  url           = "https://developer.android.com/studio/index.html",
  year          = "2018"
}

@electronic{xcode,
  author        = "{{Apple}}",
  title         = "Xcode",
  url           = "https://developer.apple.com/xcode/",
  year          = "2018"
}

@electronic{cordova,
  author        = "{{The Apache Software Foundation}}",
  title         = "Apache Cordova",
  url           = "https://cordova.apache.org",
  year          = "2018"
}

@electronic{react,
  author        = "{{Facebook}}",
  title         = "React Native",
  url           = "https://facebook.github.io/react-native/",
  year          = "2018"
}

@electronic{xamarin.forms,
  author        = "{{Xamarin}}",
  title         = "Xamarin",
  url           = "https://www.xamarin.com",
  year          = "2018"
}

@electronic{csharp,
  author        = "{{Microsoft}}",
  title         = "C\# Guide",
  url           = "https://docs.microsoft.com/en-us/dotnet/csharp/index",
  year          = "2018"
}

@electronic{vs,
  author        = "{{Microsoft}}",
  title         = "Visual Studio",
  url           = "https://www.visualstudio.com",
  year          = "2018"
}

@electronic{events,
  author        = "{{Microsoft}}",
  title         = "Handling and Raising Events",
  url           = "https://docs.microsoft.com/en-us/dotnet/standard/events/",
  year          = "2018"
}

@electronic{properties,
  author        = "{{Microsoft}}",
  title         = "Properties (C\# Programming Guide)",
  url           = "https://docs.microsoft.com/en-us/dotnet/csharp/programming-guide/classes-and-structs/properties",
  year          = "2018"
}

@electronic{asyncro,
  author        = "{{Microsoft}}",
  title         = "Asynchronous programming",
  url           = "https://docs.microsoft.com/en-us/dotnet/csharp/async",
  year          = "2018"
}

@INPROCEEDINGS{7972716,
author={I. Malavolta and G. Procaccianti and P. Noorland and P. Vukmirovic},
booktitle={2017 IEEE/ACM 4th International Conference on Mobile Software Engineering and Systems (MOBILESoft)},
title={Assessing the Impact of Service Workers on the Energy Efficiency of Progressive Web Apps},
year={2017},
volume={},
number={},
pages={35-45},
keywords={Internet;application program interfaces;mobile computing;power aware computing;API;Internet;PWA;energy efficiency;impact assessment;mobile Web apps;mobile devices;progressive Web apps;service workers;Browsers;Google;Mobile communication;Mobile handsets;Performance evaluation;Servers},
doi={10.1109/MOBILESoft.2017.7},
ISSN={},
month={May},}

@book{xamarin2,
  author        = "Mark Reynolds",
  title         = "Xamarin Essentials",
  year          = "2014",
  publisher     = "Packt Publishing",
}

@electronic{mono_aot,
  author        = "{{Mono Project}}",
  title         = "Mono Ahead Of Time Compilation",
  url           = "http://www.mono-project.com/docs/advanced/aot/",
  year          = "2018"
}

@book{xamarin3,
  author        = "Nilanchala Panigrahy",
  title         = "Xamarin Mobile Application Development for Android -- Second Edition",
  year          = "2015",
  publisher     = "Packt Publishing",
}
